
% semanticscholar.com
% 1 https://pdfs.semanticscholar.org/c933/79a401dd159fc0c90eab44c43d07286b227e.pdf?_ga=2.50884521.120758669.1574698982-424907339.1573330492
@article{Agarwala2017MusicCU,
  title   = {Music composition using recurrent neural networks},
  author  = {Agarwala, Nipun and Inoue, Yuki and Sly, Axel},
  journal = {CS 224n: Natural Language Processing with Deep Learning, Spring},
  year    = {2017}
}

%%%%
% ksiazka
@book{bib:ksiazka,
  title     = {Tytu{\l} ksi{\k{a}}{\.{z}}ki},
  author    = {Imi{\k{e}} Nazwisko and Imi{\k{e}} Nazwisko},
  publisher = {Wydawnictwo},
  year      = {2017},
  address   = {Warszawa},
  isbn      = {83-204-3229-9-434}
}

% artykul w czasopismie
@article{bib:artykul,
  title   = {Tytu{\l} artyku{\l}u w czasopi{\'{s}}mie},
  author  = {Nazwisko, Imi{\k{e}} and Imi{\k{e}} Nazwisko},
  journal = {Tytu{\l} czasopisma},
  year    = {2016},
  number  = {8},
  pages   = {1092--1113},
  volume  = {157}
}

% artykul konferencyjny
@inproceedings{bib:konferencja,
  title     = {Tytu{\l} artyku{\l}u konferencyjnego},
  author    = {Imi{\k{e}} Nazwisko and Nazwisko, Imi{\k{e}} and Imi{\k{e}} I. Nazwisko},
  booktitle = {Nazwa konferecji},
  year      = {2006},
  pages     = {5346--5349}
}

% zrodlo internetowe
@misc{bib:internet,
  author       = {Nazwisko, Imi{\k{e}} and Imi{\k{e}} Nazwisko},
  title        = {Tytu{\l} strony internetowej},
  howpublished = {\url{http://adres/w/sieci.html}},
  note         = {[data dostÄ™pu: 2018-09-30]}
}

